<record><leader>00000cas a22000007a 4500</leader><controlfield tag="001">1564219</controlfield><controlfield tag="008">750823d19231963mnuwr ne      0    0eng d</controlfield><datafield ind1=" " ind2=" " tag="010"><subfield code="a">sn 90059857 </subfield></datafield><datafield ind1=" " ind2=" " tag="040"><subfield code="a">MUL</subfield><subfield code="b">eng</subfield><subfield code="c">MUL</subfield><subfield code="d">OCL</subfield><subfield code="d">MN#</subfield><subfield code="d">OCLCQ</subfield><subfield code="d">OCLCF</subfield><subfield code="d">OCLCO</subfield></datafield><datafield ind1=" " ind2=" " tag="042"><subfield code="a">msc</subfield></datafield><datafield ind1=" " ind2=" " tag="043"><subfield code="a">n-us-mn</subfield></datafield><datafield ind1=" " ind2=" " tag="052"><subfield code="a">4144</subfield><subfield code="b">C7</subfield></datafield><datafield ind1=" " ind2=" " tag="052"><subfield code="a">4143</subfield><subfield code="b">A5</subfield></datafield><datafield ind1="0" ind2="0" tag="245"><subfield code="a">Columbia Heights record.</subfield></datafield><datafield ind1="3" ind2="0" tag="246"><subfield code="a">Columbia Heights record and Columbia Heights pioneer</subfield></datafield><datafield ind1=" " ind2=" " tag="260"><subfield code="a">Columbia Heights, Minn. :</subfield><subfield code="b">Peter Tema,</subfield><subfield code="c">-1963.</subfield></datafield><datafield ind1=" " ind2=" " tag="300"><subfield code="a">24 v.</subfield></datafield><datafield ind1=" " ind2=" " tag="310"><subfield code="a">Weekly</subfield></datafield><datafield ind1="1" ind2=" " tag="362"><subfield code="a">Began in 1923.</subfield></datafield><datafield ind1="0" ind2=" " tag="362"><subfield code="a">-v. 40, no. 26 (Dec. 11, 1963).</subfield></datafield><datafield ind1=" " ind2=" " tag="500"><subfield code="a">Published as: Columbia Heights record and Columbia Heights pioneer, Dec. 8, 1939).</subfield></datafield><datafield ind1=" " ind2=" " tag="530"><subfield code="a">Available on microfilm from the Minnesota Historical Society.</subfield></datafield><datafield ind1=" " ind2=" " tag="588"><subfield code="a">Description based on: Vol. 17, no. 30 (Dec. 8, 1939).</subfield></datafield><datafield ind1=" " ind2="0" tag="651"><subfield code="a">Columbia Heights (Minn.)</subfield><subfield code="v">Newspapers.</subfield></datafield><datafield ind1=" " ind2="7" tag="655"><subfield code="a">Newspapers.</subfield><subfield code="2">fast</subfield><subfield code="0">(OCoLC)fst01423814</subfield></datafield><datafield ind1=" " ind2="7" tag="651"><subfield code="a">Minnesota</subfield><subfield code="z">Columbia Heights.</subfield><subfield code="2">fast</subfield><subfield code="0">(OCoLC)fst01223276</subfield></datafield><datafield ind1=" " ind2=" " tag="752"><subfield code="a">United States</subfield><subfield code="b">Minnesota</subfield><subfield code="c">Anoka</subfield><subfield code="d">Columbia Heights.</subfield></datafield><datafield ind1="0" ind2="5" tag="780"><subfield code="t">Columbia Heights pioneer</subfield><subfield code="w">(DLC)sn 90059855</subfield></datafield><datafield ind1="0" ind2="0" tag="785"><subfield code="t">Record (Columbia Heights, Minn. : Columbia Heights ed.)</subfield><subfield code="w">(DLC)sn 90059856</subfield></datafield></record>